@manual{regimentoZenit,
    Address = {Brasília - Distrito federal},
    Org-Short = {Zenit Aerospace},
    Organization = {Zenit Aerospace, Empresa J{\'u}nior de Engenharia Aeroespacial},
    Title = {Regimento Interno},
    Year = {2015},
    Pages = {4-17},
}
@manual{sweebok,
    isbn={0-7695-5166-1}, 
	Org-Short = {IEEE},
    Organization = {Institute of Electrical and Eletronics Engineers},
	Title = {Guide to the Software Engineering Body of Knowledge, Version 3},
	Year = {2014},
	Pages = {34-38},
}

@manual{mpsbr,
    Title = {MPS.BR - Melhoria de Processo do Software Brasileiro: Guia Geral MPS de Software},
    Organization = {Associa{\c c}{\~a}o para Promo{\c c}{\~a}o da Excel{\^e}ncia do Software Brasileiro},
    Org-Short = {SOFTEX},
    Year = {2012},
    Pages = {26-44},
    isbn = {78-85-99334-48-5},
    Url = {http://www.softex.br/wp-content/uploads/2013/07/MPS.BR_Guia_Geral_Software_2012-c-ISBN-1.pdf}
}
@article{jira2016,
    Title = {JIRA Software documentation},
    Author = {Atlassian},
    Url = {https://confluence.atlassian.com/jirasoftwarecloud/jira-software-documentation-764477791.html},
    Year = {2016}
}
@article{versionOne,
    Title = {VersionOne Lifecycle for agile ALM Princing \& Editions},
    Url = {https://www.versionone.com/product/lifecycle/pricing-and-editions/?utm_term=top-nav&utm_content=mega-nav#multi-project-support},
    Author = {VersionOne, Inc},
    Year = {2016}
}
@article{rallyDev,
    Title = {Products \& Solutions},
    Author = {Rally Software Development Corp},
    Year = {2016},
    Url = {https://www.rallydev.com/platform-products/rally-editions}
    
}
@article{safe,
    Title = {Scalade Agile Framework},
    Organization = {Scalade Agile, Inc},
    Org-Short = {SAFe},
    Year = {2015},
    Url = {http://www.scaladeagileframework.com}
}
@article{agileManifest,
	Author = {Kent Beck and Mike Beedle and Arie van Bennekum and Alistair Cockburn and Ward Cunningham and Martin Fowler and James Grenning and Jim Highsmith and Andrew Hunt and Ron Jeffries and Jon Kern and Brian Marick and Robert C. Martin and Steve Mellor and Ken Schwaber and Jeff Sutherland and Dave Thomas},
	Title = {Agile Manifest},
	Year = {2001},
	Url = {http://www.agilemanifesto.org}
}
@article{dourado2008,
    Author = {André Dourado},
    Title = {OSRMT – Open Source Requirements Management Tool},
    Year = {2008},
    Url = {http://adsystemsblog.audits.com.br/2008/12/05/osrmt-open-source-requirements-management-tool/}
}
@article{ananias2009,
    Author = {Rafael Richa Teixeira Ananias},
    Title = {Estudo comparativo entre ferramentas de Gerência de Requisitos},
    Year = {2009},
    Address = {Universidade Federal de Pernambuco - Pernambuco, Brasil},
    Url = {http://www.cin.ufpe.br/~tg/2009-2/rrta.pdf}
}
@article{leite2005,
    Author = {Miriam Say{\~a}o and Julio Cesar Sampaio do Prado Leite },
    Title = {Rastreabilidade de Requisitos},
    Editor = {Carlos José Pereira de Lucena},
    Year = {2005},
    Address = {PUC - Rio de janeiro, Brasil},
    Url = {http://www.dbd.puc-rio.br/depto_informatica/05_20_sayao.pdf}
}
@article{silva2011,
    Author = {Edson Toshio Nakagawa Tobias da Silva},
    Year = {2011},
    Address = {Universidade Nove de Julho - São Paulo, Brasil},
    Title = {A Matriz de Rastreabilidade como Ferramenta para o Gerenciamento de Requisitos},
    Url = {http://www.webartigos.com/artigos/a-matriz-de-rastreabilidade-como-ferramenta-para-o-gerenciamento-de-requisitos/77380/}
}
@book{boehm2004,
    Author = {Barry Boehm and Richard Turner },
    Title = {Balancing Agility and Discipline: A Guide for the Perplexed},
    Year = {2009},
    isbn = {0-321-18612-5},
    Address = {Boston, MA - United States of America},
    Editor = {Addison Wesley},
    Volume = {7}
}
@book{sommerville1995,
    Title = {Engenharia de software},
    Year = {1995},
    Author = {Ian Sommerville},
    Editor = {Addison Wesley},
    isbn = {85-88639-07-6},
    Volume = {6},
    Address = {Boston, MA - United States of America}
}
@book{leffingwell2011,
    Title = {Agile Software Requirements: lean requirements practices for teams, programs, and the enterprise},
    Year = {2011},
    Author = {Dean Leffingwell},
    isbn = {0-321-63584-1},    
    Editor = {Addison Wesley},
    Address = {Boston, MA - United States of America},
    Volume = {5},
    Edition = {1},
}
@book{thayer1997,
    Author = {Richard H. Thayer and Merlin Dorfman},
    Title = {Software Requirements Engineering},
    Edition = {2},
    isbn = {978-0-8186-7738-0},
    Volume = {4},
    Editor = {IEEE},
    Year = {1997},
    Address = {Washington - United States of America}
}
@inproceedings{hoffmann2004,
	Author = {Matthias Hoffmann and Nikolaus Kuhn and  Matthias Weber},
	Title = {Requirements for Requirements Management Tools},
	Year = {2004},
	Pages = {300-315},
	Booktitle = {Requirements Engineering Conference. Proceedings. IEEE International},
    Edition = {12},
    Isbn = {0-7695-2174-6}
}

